<record><leader>00000cas a22000007a 4500</leader><controlfield tag="001">20378525</controlfield><controlfield tag="008">890921d197319uucaumr ne      0   a0eng d</controlfield><datafield ind1=" " ind2=" " tag="010"><subfield code="a">sn 98061163 </subfield></datafield><datafield ind1=" " ind2=" " tag="040"><subfield code="a">CSP</subfield><subfield code="b">eng</subfield><subfield code="c">CSP</subfield><subfield code="d">CNK</subfield><subfield code="d">OCLCQ</subfield><subfield code="d">OCLCF</subfield><subfield code="d">OCLCO</subfield></datafield><datafield ind1="1" ind2=" " tag="029"><subfield code="a">AU@</subfield><subfield code="b">000014196986</subfield></datafield><datafield ind1=" " ind2=" " tag="037"><subfield code="b">Sharpeshooter, Sharpe Army Depot, ATTN: SDSSH-CPA, Lathrop, CA 95331-5122</subfield></datafield><datafield ind1=" " ind2=" " tag="042"><subfield code="a">msc</subfield></datafield><datafield ind1=" " ind2=" " tag="043"><subfield code="a">n-us-ca</subfield></datafield><datafield ind1="0" ind2=" " tag="130"><subfield code="a">Sharpeshooter (Lathrop, Calif.)</subfield></datafield><datafield ind1="1" ind2="4" tag="245"><subfield code="a">The sharpeshooter.</subfield></datafield><datafield ind1=" " ind2=" " tag="260"><subfield code="a">Lathrop, CA. :</subfield><subfield code="b">[s.n.]</subfield></datafield><datafield ind1=" " ind2=" " tag="310"><subfield code="a">Monthly</subfield></datafield><datafield ind1="0" ind2=" " tag="362"><subfield code="a">Vol. 8, no. 10 (Oct. 1973)-</subfield></datafield><datafield ind1=" " ind2=" " tag="500"><subfield code="a">"Published in the interest of the Sharpe Army Depot."</subfield></datafield><datafield ind1=" " ind2="0" tag="650"><subfield code="a">Military bases</subfield><subfield code="z">California</subfield><subfield code="v">Newspapers.</subfield></datafield><datafield ind1=" " ind2="7" tag="655"><subfield code="a">Newspapers.</subfield><subfield code="2">fast</subfield><subfield code="0">(OCoLC)fst01423814</subfield></datafield><datafield ind1=" " ind2="7" tag="650"><subfield code="a">Military bases.</subfield><subfield code="2">fast</subfield><subfield code="0">(OCoLC)fst01020986</subfield></datafield><datafield ind1=" " ind2="7" tag="651"><subfield code="a">California.</subfield><subfield code="2">fast</subfield><subfield code="0">(OCoLC)fst01204928</subfield></datafield><datafield ind1="2" ind2=" " tag="710"><subfield code="a">Sharpe Army Depot.</subfield></datafield><datafield ind1=" " ind2=" " tag="752"><subfield code="a">United States</subfield><subfield code="b">California</subfield><subfield code="c">San Joaquin</subfield><subfield code="d">Lathrop.</subfield></datafield><datafield ind1="0" ind2="0" tag="780"><subfield code="t">Coordinator (Tracy, Calif.)</subfield><subfield code="w">(DLC)sn 98061162</subfield></datafield></record>